@article{hyvarinen2000independent,
  title={Independent component analysis: algorithms and applications},
  author={Hyv{\"a}rinen, Aapo and Oja, Erkki},
  journal={Neural networks},
  volume={13},
  number={4-5},
  pages={411--430},
  year={2000},
  publisher={Elsevier}
}

@incollection{lee1998independent,
  title={Independent component analysis},
  author={Lee, Te-Won},
  booktitle={Independent component analysis},
  pages={27--66},
  year={1998},
  publisher={Springer}
}

@incollection{ng_cs229,
  title = {Independent Component Analysis},
  author = {Ng, Andrew},
  booktitle = {CS229 Lecture Notes},
  year = {2020}
}

@article{miettinen2015fourth,
  title={Fourth moments and independent component analysis},
  author={Miettinen, Jari and Taskinen, Sara and Nordhausen, Klaus and Oja, Hannu},
  journal={Statistical science},
  volume={30},
  number={3},
  pages={372--390},
  year={2015},
  publisher={Institute of Mathematical Statistics}
}
